<?xml version="1.0" encoding="UTF-8"?><collection xmlns="http://www.loc.gov/MARC21/slim"><record><leader>00494nam--2200181-i-4500</leader><controlfield tag="001">000020407</controlfield><controlfield tag="002">20161230</controlfield><controlfield tag="005">20170306160755</controlfield><controlfield tag="008">060222s1000------------r-----000-0-eng-d</controlfield><datafield ind1=" " ind2=" " tag="040"><subfield code="a">IFIN-HH</subfield></datafield><datafield ind1=" " ind2=" " tag="080"><subfield code="a">533.9:537.84</subfield></datafield><datafield ind1="1" ind2=" " tag="100"><subfield code="a">Ferraro, V. C. A</subfield></datafield><datafield ind1="1" ind2="0" tag="245"><subfield code="a">An introduction to magneto-fluid mechanics</subfield><subfield code="c">V.C.A. Ferraro, C. Plumpton</subfield></datafield><datafield ind1=" " ind2=" " tag="260"><subfield code="a">Oxford, University Press, 1961</subfield></datafield><datafield ind1=" " ind2=" " tag="300"><subfield code="a">VIII + 181 P</subfield></datafield><datafield ind1="1" ind2=" " tag="700"><subfield code="a">Plumpton, C</subfield></datafield><datafield ind1=" " ind2=" " tag="852"><subfield code="a">47673</subfield><subfield code="c">533.9</subfield></datafield><datafield ind1=" " ind2=" " tag="CAT"><subfield code="a">SYS</subfield><subfield code="c">20170306</subfield><subfield code="h">160755</subfield></datafield></record></collection>